<?xml version="1.0" encoding="UTF-8"?><collection><record><leader>06002ntm a2200577 a 4500</leader><controlfield tag="001">006834052</controlfield><controlfield tag="003">MiAaHDL</controlfield><controlfield tag="005">20190719000000.0</controlfield><controlfield tag="006">m        d        </controlfield><controlfield tag="007">cr bn ---auaua</controlfield><controlfield tag="008">090702s1850    xx            00| ||ara d</controlfield><datafield tag="035" ind1=" " ind2=" "><subfield code="a">(MiU)006834052</subfield></datafield><datafield tag="035" ind1=" " ind2=" "><subfield code="a">sdr-miu006834052</subfield></datafield><datafield tag="040" ind1=" " ind2=" "><subfield code="a">MiU</subfield><subfield code="c">MiU</subfield><subfield code="e">amremm</subfield></datafield><datafield tag="043" ind1=" " ind2=" "><subfield code="a">n-us-mi</subfield></datafield><datafield tag="100" ind1="1" ind2=" "><subfield code="6">880-01</subfield><subfield code="a">Jamal, Sulaymān ibn ʻUmar,</subfield><subfield code="d">-1789 or 1790.</subfield></datafield><datafield tag="245" ind1="1" ind2="3"><subfield code="6">880-03</subfield><subfield code="a">al-Futūḥāt al-Aḥmadīyah bi-al-minaḥ al-Muḥammadīyah,</subfield><subfield code="f">[1266, i.e. 1850].</subfield></datafield><datafield tag="246" ind1="3" ind2="8"><subfield code="a">حاشية الجمل على الهمزية</subfield></datafield><datafield tag="246" ind1="3" ind2=" "><subfield code="6">880-04</subfield><subfield code="i">Title from inscription on 'title page' (p.1):</subfield><subfield code="a">حاشية العلامة الشيخ الجمل على الهمزية</subfield></datafield><datafield tag="260" ind1=" " ind2=" "><subfield code="c">[1850].</subfield></datafield><datafield tag="300" ind1=" " ind2=" "><subfield code="a">153 leaves :</subfield><subfield code="b">paper ;</subfield><subfield code="c">236 x 170 (170 x 93) mm. bound to 245 x 180 mm.</subfield></datafield><datafield tag="500" ind1=" " ind2=" "><subfield code="a">Shelfmark: Ann Arbor, University of Michigan, Special Collections Library, Isl. Ms. 1007</subfield></datafield><datafield tag="500" ind1=" " ind2=" "><subfield code="a">Origin: As appears in colophon on p.303, copied by ʻAbd al-Raḥmān ibn Ibrāhīm ʻAbd Allāh al-Shaybīnī with transcription completed 7 Ramaḍān 1266 [ca. 17 July 1850].</subfield></datafield><datafield tag="500" ind1=" " ind2=" "><subfield code="a">Former shelfmark: Mich. Isl. Ms. temp. no. 156</subfield></datafield><datafield tag="500" ind1=" " ind2=" "><subfield code="a">Binding: Boards covered in dark blue textured cloth with dark blue leather over spine (quarter binding) ; Western style binding ; pastedowns and flyleaves in wove paper printed with a floral vegetal pattern in pink and green ; spine gold-stamped with title and decorative accents over raised bands "حاشية الجمل على الهمزية" ; sewn in white thread over three recessed cords ; stuck-on endbands ; overall in good condition.</subfield></datafield><datafield tag="500" ind1=" " ind2=" "><subfield code="a">Support: European laid paper with 7 laid lines per cm. (vertical), chain lines spaced 26-27 mm. apart (horizontal), three crescents / tre lune watermark (with faces / human profile, roughly 85 mm. long, perpendicular to chains, see pp.4, 14, 210, etc.), and countermark "L A N [?]" (see pp.16, 26, 52, 218, 286, 292, etc.), quite sturdy, cream in color, lightly burnished ; minor ink burn in some gatherings, minor staining, roughly trimmed.</subfield></datafield><datafield tag="500" ind1=" " ind2=" "><subfield code="a">Decoration: Keywords and headings rubricated.</subfield></datafield><datafield tag="500" ind1=" " ind2=" "><subfield code="a">Script: Naskh ; clear, somewhat stiff, angular Egyptian hand in a medium to bold line ; mainly serifless with marked tilt to the left, flattened descenders, pointing in distinct dots, alif maqṣūrah pointed as yāʼ.</subfield></datafield><datafield tag="500" ind1=" " ind2=" "><subfield code="a">Layout: Written mainly in 23 lines per page ; frame-ruled.</subfield></datafield><datafield tag="500" ind1=" " ind2=" "><subfield code="a">Collation: i, 15 V(150), I+1 (153), i ; almost exclusively quinions ; catchwords present ; pagination in pencil, Western numerals, supplied during digitization.</subfield></datafield><datafield tag="500" ind1=" " ind2=" "><subfield code="a">Colophon: "Scribal," triangular, reads "تمت هذه الحاشية الشريفة بحمد الله وعونه ومنته وكان الفراغ من نسخها يوم الثلاث المبارك سبعة ايام خلت من شهر رمضان المبارك الذي هو من سنة ١٢٦٦ ستة وستين ومائتين بعد الالف من هجرة من خلقه الله على اكمل وصف على يد كاتبه الفقير الى الله تعالى عبد الحمن بن ابراهيم عبد الله الشيبيني غفر الله له ولوالديه ولمن نظر فيه ودعا له بالمغفرة امين تم"</subfield></datafield><datafield tag="500" ind1=" " ind2=" "><subfield code="a">Explicit: "جعلنا الله ممن حقق له حقائق قربه وامداده واسعافه وامنا من كل فتنة ومحنة انه الجواد الكريم"</subfield></datafield><datafield tag="500" ind1=" " ind2=" "><subfield code="a">Incipit: "الحمد لله الذي فضل سيدنا محمد صلى الله عليه وسلم على سائر الانبياء والمرسلين واختصه بشمائل ومعجزات ... اما بعد فمما يتعين على مكلف ان يعتقد ان كمالات نبينا صلى الله عليه وسلم لا تحصى واحواله وصفاته وشمائله لا تستقصى ... ومن ابلغ ما مدح به صلى الله عليه وسلم من النظم الرائق البديع ... ما صاغه صوغ التبر احمر ... الشيخ شرف الدين ابو عبد الله محمد بن سعيد البوصيري من قصيدته الهمزية ... وقد شرحت شروحا كثيرة ... وسميتها الفتوحات الاحمدية بالمنح المحمدية ..."</subfield></datafield><datafield tag="500" ind1=" " ind2=" "><subfield code="a">Title from opening matter on p.3.</subfield></datafield><datafield tag="500" ind1=" " ind2=" "><subfield code="a">Ms. codex.</subfield></datafield><datafield tag="510" ind1="4" ind2=" "><subfield code="a">Brockelmann, C. GAL,</subfield><subfield code="c">I 264–5 ; S I 467–72</subfield></datafield><datafield tag="520" ind1="8" ind2=" "><subfield code="a">Careful copy of the commentary by al-Shaykh Sulaymān ibn ʻUmar al-Jamal (d.1790) on al-Būṣīrī's (d.1296?) poem in praise of the Prophet entitled al-Qaṣīdah al-hamzīyah fī madḥ al-nabawīyah.</subfield></datafield><datafield tag="538" ind1=" " ind2=" "><subfield code="a">Mode of access: Internet.</subfield></datafield><datafield tag="541" ind1=" " ind2=" "><subfield code="a">Acquired in the Fall of 1950.</subfield></datafield><datafield tag="546" ind1=" " ind2=" "><subfield code="a">Arabic.</subfield></datafield><datafield tag="561" ind1=" " ind2=" "><subfield code="a">On upper pastedown, label with ex libris of James Heyworth-Dunne (d.1974), stamped with inventory number, "Ex Libris | J. Heyworth-Dunne | D. Lit. (London) | No. 9022" ; UM Library inscription on p.3 "Dunning | Heyworth-Dunne | 6-13-51 | 71955" ; glosses and marginal corrections.</subfield></datafield><datafield tag="600" ind1="1" ind2="0"><subfield code="a">Būṣīrī, Sharaf al-Dīn Muḥammad ibn Saʻīd,</subfield><subfield code="d">1213?-1296?</subfield><subfield code="t">Hamzīyah fī madḥ Khayr al-Barīyah.</subfield></datafield><datafield tag="600" ind1="0" ind2="0"><subfield code="a">Muḥammad,</subfield><subfield code="c">Prophet,</subfield><subfield code="d">-632</subfield><subfield code="v">Poetry.</subfield></datafield><datafield tag="650" ind1=" " ind2="0"><subfield code="a">Manuscripts, Arabic</subfield><subfield code="z">Michigan</subfield><subfield code="z">Ann Arbor.</subfield></datafield><datafield tag="700" ind1="1" ind2=" "><subfield code="a">Heyworth-Dunne, J.</subfield><subfield code="q">(James),</subfield><subfield code="e">former owner.</subfield></datafield><datafield tag="700" ind1="0" ind2=" "><subfield code="6">880-05</subfield><subfield code="a">ʻAbd al-Raḥmān ibn Ibrāhīm ʻAbd Allāh al-Shaybīnī,</subfield><subfield code="d">fl. 1850,</subfield><subfield code="e">scribe.</subfield></datafield><datafield tag="773" ind1="0" ind2=" "><subfield code="a">Heyworth-Dunne Collection.</subfield></datafield><datafield tag="880" ind1="0" ind2=" "><subfield code="6">700-05/</subfield><subfield code="a">عبد الرحمن بن ابراهيم عبد الله الشيبيني،</subfield><subfield code="e">ناسخ.</subfield></datafield><datafield tag="880" ind1="3" ind2=" "><subfield code="6">246-04/</subfield><subfield code="a">Ḥāshiyat al-ʻallāmah al-shaykh al-Jamal ʻalá al-Hamzīyah</subfield></datafield><datafield tag="880" ind1="1" ind2="2"><subfield code="6">245-03/</subfield><subfield code="a">الفتوحات الاحمدية بالمنح المحمدية,</subfield><subfield code="f">[1266ه، 1850م].</subfield></datafield><datafield tag="880" ind1="1" ind2=" "><subfield code="6">100-01/</subfield><subfield code="a">جمل، سليمان بن عمر.</subfield></datafield><datafield tag="CID" ind1=" " ind2=" "><subfield code="a">006834052</subfield></datafield><datafield tag="DAT" ind1="0" ind2=" "><subfield code="a">20190719102641.0</subfield><subfield code="b">20190719000000.0</subfield></datafield><datafield tag="DAT" ind1="1" ind2=" "><subfield code="a">20190719090653.0</subfield><subfield code="b">2019-07-19T16:12:20Z</subfield></datafield><datafield tag="DAT" ind1="2" ind2=" "><subfield code="a">2015-10-10T18:00:06Z</subfield></datafield><datafield tag="CAT" ind1=" " ind2=" "><subfield code="a">SDR-MIU</subfield><subfield code="d">EX LIBRIS - ALEPH</subfield><subfield code="l">prepare.pl-004-008</subfield></datafield><datafield tag="FMT" ind1=" " ind2=" "><subfield code="a">BK</subfield></datafield><datafield tag="HOL" ind1=" " ind2=" "><subfield code="0">sdr-miu006834052</subfield><subfield code="a">MiU</subfield><subfield code="b">SDR</subfield><subfield code="c">MIU</subfield><subfield code="p">mdp.39015079131945</subfield><subfield code="s">MIU</subfield><subfield code="1">006834052</subfield></datafield><datafield tag="974" ind1=" " ind2=" "><subfield code="b">MIU</subfield><subfield code="c">MIU</subfield><subfield code="d">20190719</subfield><subfield code="s">lit-dlps-dc</subfield><subfield code="u">mdp.39015079131945</subfield><subfield code="y">1850</subfield><subfield code="r">pd</subfield><subfield code="q">bib</subfield><subfield code="t">non-US bib date1 &lt; 1879</subfield></datafield></record></collection>